@book{juarez2018analyzing,
  title={Analyzing the role of cognitive biases in the decision-making process},
  author={Ju{\'a}rez Ramos, Ver{\'o}nica},
  year={2018},
  publisher={IGI Global}
}
